%YAML 1.1
%TAG !u! tag:unity3d.com,2011:
--- !u!1 &3470337363094381842
GameObject:
  m_ObjectHideFlags: 0
  m_CorrespondingSourceObject: {fileID: 0}
  m_PrefabInstance: {fileID: 0}
  m_PrefabAsset: {fileID: 0}
  serializedVersion: 6
  m_Component:
  - component: {fileID: 3470337363094381841}
  - component: {fileID: 3470337363094381840}
  m_Layer: 0
  m_Name: ObstacleObject
  m_TagString: Untagged
  m_Icon: {fileID: 0}
  m_NavMeshLayer: 0
  m_StaticEditorFlags: 0
  m_IsActive: 1
--- !u!4 &3470337363094381841
Transform:
  m_ObjectHideFlags: 0
  m_CorrespondingSourceObject: {fileID: 0}
  m_PrefabInstance: {fileID: 0}
  m_PrefabAsset: {fileID: 0}
  m_GameObject: {fileID: 3470337363094381842}
  m_LocalRotation: {x: 0, y: 0, z: 0, w: 1}
  m_LocalPosition: {x: 36.397, y: 0, z: 0}
  m_LocalScale: {x: 1.2039161, y: 1, z: 1}
  m_Children:
  - {fileID: 2618952316158748980}
  - {fileID: 8728638104141913533}
  - {fileID: 9145504129216278643}
  - {fileID: 2132380259023571590}
  m_Father: {fileID: 0}
  m_RootOrder: 0
  m_LocalEulerAnglesHint: {x: 0, y: 0, z: 0}
--- !u!114 &3470337363094381840
MonoBehaviour:
  m_ObjectHideFlags: 0
  m_CorrespondingSourceObject: {fileID: 0}
  m_PrefabInstance: {fileID: 0}
  m_PrefabAsset: {fileID: 0}
  m_GameObject: {fileID: 3470337363094381842}
  m_Enabled: 1
  m_EditorHideFlags: 0
  m_Script: {fileID: 11500000, guid: 1bdde132717d22c418b260052f27a6f0, type: 3}
  m_Name: 
  m_EditorClassIdentifier: 
  movementVector: {x: 0, y: 7, z: 0}
  movementAmplitude: 1
  frequence: 0.1
--- !u!1 &5857278509002065911
GameObject:
  m_ObjectHideFlags: 0
  m_CorrespondingSourceObject: {fileID: 0}
  m_PrefabInstance: {fileID: 0}
  m_PrefabAsset: {fileID: 0}
  serializedVersion: 6
  m_Component:
  - component: {fileID: 2132380259023571590}
  - component: {fileID: 2389240365523223577}
  m_Layer: 0
  m_Name: Point Light (4)
  m_TagString: Untagged
  m_Icon: {fileID: 0}
  m_NavMeshLayer: 0
  m_StaticEditorFlags: 0
  m_IsActive: 1
--- !u!4 &2132380259023571590
Transform:
  m_ObjectHideFlags: 0
  m_CorrespondingSourceObject: {fileID: 0}
  m_PrefabInstance: {fileID: 0}
  m_PrefabAsset: {fileID: 0}
  m_GameObject: {fileID: 5857278509002065911}
  m_LocalRotation: {x: -0, y: -0, z: -0, w: 1}
  m_LocalPosition: {x: -21.32, y: 17.62, z: -6.6}
  m_LocalScale: {x: 0.9941709, y: 1, z: 1}
  m_Children: []
  m_Father: {fileID: 3470337363094381841}
  m_RootOrder: 3
  m_LocalEulerAnglesHint: {x: 0, y: 0, z: 0}
--- !u!108 &2389240365523223577
Light:
  m_ObjectHideFlags: 0
  m_CorrespondingSourceObject: {fileID: 0}
  m_PrefabInstance: {fileID: 0}
  m_PrefabAsset: {fileID: 0}
  m_GameObject: {fileID: 5857278509002065911}
  m_Enabled: 1
  serializedVersion: 10
  m_Type: 2
  m_Shape: 0
  m_Color: {r: 1, g: 1, b: 1, a: 1}
  m_Intensity: 15.98
  m_Range: 5.6
  m_SpotAngle: 30
  m_InnerSpotAngle: 21.80208
  m_CookieSize: 10
  m_Shadows:
    m_Type: 0
    m_Resolution: -1
    m_CustomResolution: -1
    m_Strength: 1
    m_Bias: 0.05
    m_NormalBias: 0.4
    m_NearPlane: 0.2
    m_CullingMatrixOverride:
      e00: 1
      e01: 0
      e02: 0
      e03: 0
      e10: 0
      e11: 1
      e12: 0
      e13: 0
      e20: 0
      e21: 0
      e22: 1
      e23: 0
      e30: 0
      e31: 0
      e32: 0
      e33: 1
    m_UseCullingMatrixOverride: 0
  m_Cookie: {fileID: 0}
  m_DrawHalo: 0
  m_Flare: {fileID: 0}
  m_RenderMode: 0
  m_CullingMask:
    serializedVersion: 2
    m_Bits: 4294967295
  m_RenderingLayerMask: 1
  m_Lightmapping: 4
  m_LightShadowCasterMode: 0
  m_AreaSize: {x: 1, y: 1}
  m_BounceIntensity: 1
  m_ColorTemperature: 6570
  m_UseColorTemperature: 0
  m_BoundingSphereOverride: {x: 0, y: 0, z: 0, w: 0}
  m_UseBoundingSphereOverride: 0
  m_ShadowRadius: 0
  m_ShadowAngle: 0
--- !u!1 &6927441687788583504
GameObject:
  m_ObjectHideFlags: 0
  m_CorrespondingSourceObject: {fileID: 0}
  m_PrefabInstance: {fileID: 0}
  m_PrefabAsset: {fileID: 0}
  serializedVersion: 6
  m_Component:
  - component: {fileID: 9145504129216278643}
  - component: {fileID: 588668520214706633}
  m_Layer: 0
  m_Name: Point Light (3)
  m_TagString: Untagged
  m_Icon: {fileID: 0}
  m_NavMeshLayer: 0
  m_StaticEditorFlags: 0
  m_IsActive: 1
--- !u!4 &9145504129216278643
Transform:
  m_ObjectHideFlags: 0
  m_CorrespondingSourceObject: {fileID: 0}
  m_PrefabInstance: {fileID: 0}
  m_PrefabAsset: {fileID: 0}
  m_GameObject: {fileID: 6927441687788583504}
  m_LocalRotation: {x: -0, y: -0, z: -0, w: 1}
  m_LocalPosition: {x: -21.32, y: 7.74, z: -6.6}
  m_LocalScale: {x: 0.9941709, y: 1, z: 1}
  m_Children: []
  m_Father: {fileID: 3470337363094381841}
  m_RootOrder: 2
  m_LocalEulerAnglesHint: {x: 0, y: 0, z: 0}
--- !u!108 &588668520214706633
Light:
  m_ObjectHideFlags: 0
  m_CorrespondingSourceObject: {fileID: 0}
  m_PrefabInstance: {fileID: 0}
  m_PrefabAsset: {fileID: 0}
  m_GameObject: {fileID: 6927441687788583504}
  m_Enabled: 1
  serializedVersion: 10
  m_Type: 2
  m_Shape: 0
  m_Color: {r: 1, g: 1, b: 1, a: 1}
  m_Intensity: 15.98
  m_Range: 5.6
  m_SpotAngle: 30
  m_InnerSpotAngle: 21.80208
  m_CookieSize: 10
  m_Shadows:
    m_Type: 0
    m_Resolution: -1
    m_CustomResolution: -1
    m_Strength: 1
    m_Bias: 0.05
    m_NormalBias: 0.4
    m_NearPlane: 0.2
    m_CullingMatrixOverride:
      e00: 1
      e01: 0
      e02: 0
      e03: 0
      e10: 0
      e11: 1
      e12: 0
      e13: 0
      e20: 0
      e21: 0
      e22: 1
      e23: 0
      e30: 0
      e31: 0
      e32: 0
      e33: 1
    m_UseCullingMatrixOverride: 0
  m_Cookie: {fileID: 0}
  m_DrawHalo: 0
  m_Flare: {fileID: 0}
  m_RenderMode: 0
  m_CullingMask:
    serializedVersion: 2
    m_Bits: 4294967295
  m_RenderingLayerMask: 1
  m_Lightmapping: 4
  m_LightShadowCasterMode: 0
  m_AreaSize: {x: 1, y: 1}
  m_BounceIntensity: 1
  m_ColorTemperature: 6570
  m_UseColorTemperature: 0
  m_BoundingSphereOverride: {x: 0, y: 0, z: 0, w: 0}
  m_UseBoundingSphereOverride: 0
  m_ShadowRadius: 0
  m_ShadowAngle: 0
--- !u!1001 &3470337363312492149
PrefabInstance:
  m_ObjectHideFlags: 0
  serializedVersion: 2
  m_Modification:
    m_TransformParent: {fileID: 3470337363094381841}
    m_Modifications:
    - target: {fileID: 2073197903360279938, guid: c4c7b24de1324ee4e8040083db58ca21,
        type: 3}
      propertyPath: m_Name
      value: Obstacle (2)
      objectReference: {fileID: 0}
    - target: {fileID: 5263379127239500744, guid: c4c7b24de1324ee4e8040083db58ca21,
        type: 3}
      propertyPath: m_LocalPosition.x
      value: -21.9
      objectReference: {fileID: 0}
    - target: {fileID: 5263379127239500744, guid: c4c7b24de1324ee4e8040083db58ca21,
        type: 3}
      propertyPath: m_LocalPosition.y
      value: 28.8
      objectReference: {fileID: 0}
    - target: {fileID: 5263379127239500744, guid: c4c7b24de1324ee4e8040083db58ca21,
        type: 3}
      propertyPath: m_LocalPosition.z
      value: 0
      objectReference: {fileID: 0}
    - target: {fileID: 5263379127239500744, guid: c4c7b24de1324ee4e8040083db58ca21,
        type: 3}
      propertyPath: m_LocalRotation.x
      value: -0.036596727
      objectReference: {fileID: 0}
    - target: {fileID: 5263379127239500744, guid: c4c7b24de1324ee4e8040083db58ca21,
        type: 3}
      propertyPath: m_LocalRotation.y
      value: 0.02220362
      objectReference: {fileID: 0}
    - target: {fileID: 5263379127239500744, guid: c4c7b24de1324ee4e8040083db58ca21,
        type: 3}
      propertyPath: m_LocalRotation.z
      value: 0.01109883
      objectReference: {fileID: 0}
    - target: {fileID: 5263379127239500744, guid: c4c7b24de1324ee4e8040083db58ca21,
        type: 3}
      propertyPath: m_LocalRotation.w
      value: 0.9990218
      objectReference: {fileID: 0}
    - target: {fileID: 5263379127239500744, guid: c4c7b24de1324ee4e8040083db58ca21,
        type: 3}
      propertyPath: m_RootOrder
      value: 1
      objectReference: {fileID: 0}
    - target: {fileID: 5263379127239500744, guid: c4c7b24de1324ee4e8040083db58ca21,
        type: 3}
      propertyPath: m_LocalEulerAnglesHint.x
      value: -4.222
      objectReference: {fileID: 0}
    - target: {fileID: 5263379127239500744, guid: c4c7b24de1324ee4e8040083db58ca21,
        type: 3}
      propertyPath: m_LocalEulerAnglesHint.y
      value: 2.503
      objectReference: {fileID: 0}
    - target: {fileID: 5263379127239500744, guid: c4c7b24de1324ee4e8040083db58ca21,
        type: 3}
      propertyPath: m_LocalEulerAnglesHint.z
      value: 1.1810001
      objectReference: {fileID: 0}
    - target: {fileID: 5263379127239500744, guid: c4c7b24de1324ee4e8040083db58ca21,
        type: 3}
      propertyPath: m_LocalScale.x
      value: 3.971773
      objectReference: {fileID: 0}
    - target: {fileID: 5263379127239500744, guid: c4c7b24de1324ee4e8040083db58ca21,
        type: 3}
      propertyPath: m_LocalScale.y
      value: 27.08898
      objectReference: {fileID: 0}
    - target: {fileID: 5263379127239500744, guid: c4c7b24de1324ee4e8040083db58ca21,
        type: 3}
      propertyPath: m_LocalScale.z
      value: 4
      objectReference: {fileID: 0}
    - target: {fileID: 7285321259702700254, guid: c4c7b24de1324ee4e8040083db58ca21,
        type: 3}
      propertyPath: m_Materials.Array.data[0]
      value: 
      objectReference: {fileID: 2100000, guid: 661a70bb90d6d66479305785b8610e13, type: 2}
    m_RemovedComponents: []
  m_SourcePrefab: {fileID: 100100000, guid: c4c7b24de1324ee4e8040083db58ca21, type: 3}
--- !u!4 &8728638104141913533 stripped
Transform:
  m_CorrespondingSourceObject: {fileID: 5263379127239500744, guid: c4c7b24de1324ee4e8040083db58ca21,
    type: 3}
  m_PrefabInstance: {fileID: 3470337363312492149}
  m_PrefabAsset: {fileID: 0}
--- !u!1001 &7877679946829974268
PrefabInstance:
  m_ObjectHideFlags: 0
  serializedVersion: 2
  m_Modification:
    m_TransformParent: {fileID: 3470337363094381841}
    m_Modifications:
    - target: {fileID: 2073197903360279938, guid: c4c7b24de1324ee4e8040083db58ca21,
        type: 3}
      propertyPath: m_Name
      value: Obstacle (1)
      objectReference: {fileID: 0}
    - target: {fileID: 5263379127239500744, guid: c4c7b24de1324ee4e8040083db58ca21,
        type: 3}
      propertyPath: m_LocalPosition.x
      value: -21.9
      objectReference: {fileID: 0}
    - target: {fileID: 5263379127239500744, guid: c4c7b24de1324ee4e8040083db58ca21,
        type: 3}
      propertyPath: m_LocalPosition.y
      value: 0
      objectReference: {fileID: 0}
    - target: {fileID: 5263379127239500744, guid: c4c7b24de1324ee4e8040083db58ca21,
        type: 3}
      propertyPath: m_LocalPosition.z
      value: 0.1
      objectReference: {fileID: 0}
    - target: {fileID: 5263379127239500744, guid: c4c7b24de1324ee4e8040083db58ca21,
        type: 3}
      propertyPath: m_LocalRotation.x
      value: -0.036596727
      objectReference: {fileID: 0}
    - target: {fileID: 5263379127239500744, guid: c4c7b24de1324ee4e8040083db58ca21,
        type: 3}
      propertyPath: m_LocalRotation.y
      value: 0.02220362
      objectReference: {fileID: 0}
    - target: {fileID: 5263379127239500744, guid: c4c7b24de1324ee4e8040083db58ca21,
        type: 3}
      propertyPath: m_LocalRotation.z
      value: 0.01109883
      objectReference: {fileID: 0}
    - target: {fileID: 5263379127239500744, guid: c4c7b24de1324ee4e8040083db58ca21,
        type: 3}
      propertyPath: m_LocalRotation.w
      value: 0.9990218
      objectReference: {fileID: 0}
    - target: {fileID: 5263379127239500744, guid: c4c7b24de1324ee4e8040083db58ca21,
        type: 3}
      propertyPath: m_RootOrder
      value: 0
      objectReference: {fileID: 0}
    - target: {fileID: 5263379127239500744, guid: c4c7b24de1324ee4e8040083db58ca21,
        type: 3}
      propertyPath: m_LocalEulerAnglesHint.x
      value: -4.222
      objectReference: {fileID: 0}
    - target: {fileID: 5263379127239500744, guid: c4c7b24de1324ee4e8040083db58ca21,
        type: 3}
      propertyPath: m_LocalEulerAnglesHint.y
      value: 2.503
      objectReference: {fileID: 0}
    - target: {fileID: 5263379127239500744, guid: c4c7b24de1324ee4e8040083db58ca21,
        type: 3}
      propertyPath: m_LocalEulerAnglesHint.z
      value: 1.1810001
      objectReference: {fileID: 0}
    - target: {fileID: 5263379127239500744, guid: c4c7b24de1324ee4e8040083db58ca21,
        type: 3}
      propertyPath: m_LocalScale.x
      value: 3.971773
      objectReference: {fileID: 0}
    - target: {fileID: 5263379127239500744, guid: c4c7b24de1324ee4e8040083db58ca21,
        type: 3}
      propertyPath: m_LocalScale.y
      value: 18.20801
      objectReference: {fileID: 0}
    - target: {fileID: 5263379127239500744, guid: c4c7b24de1324ee4e8040083db58ca21,
        type: 3}
      propertyPath: m_LocalScale.z
      value: 4
      objectReference: {fileID: 0}
    - target: {fileID: 7285321259702700254, guid: c4c7b24de1324ee4e8040083db58ca21,
        type: 3}
      propertyPath: m_Materials.Array.data[0]
      value: 
      objectReference: {fileID: 2100000, guid: 661a70bb90d6d66479305785b8610e13, type: 2}
    m_RemovedComponents: []
  m_SourcePrefab: {fileID: 100100000, guid: c4c7b24de1324ee4e8040083db58ca21, type: 3}
--- !u!4 &2618952316158748980 stripped
Transform:
  m_CorrespondingSourceObject: {fileID: 5263379127239500744, guid: c4c7b24de1324ee4e8040083db58ca21,
    type: 3}
  m_PrefabInstance: {fileID: 7877679946829974268}
  m_PrefabAsset: {fileID: 0}
